<record><leader>00000cas a2200000 a 4500</leader><controlfield tag="001">145468932</controlfield><controlfield tag="008">070625d19921993miuwr ne      0   a0eng c</controlfield><datafield ind1=" " ind2=" " tag="010"><subfield code="a">sn2007060021</subfield></datafield><datafield ind1=" " ind2=" " tag="040"><subfield code="a">MHN</subfield><subfield code="b">eng</subfield><subfield code="c">MHN</subfield><subfield code="d">MHN</subfield><subfield code="d">OCLCQ</subfield><subfield code="d">OCLCF</subfield></datafield><datafield ind1="1" ind2=" " tag="029"><subfield code="a">AU@</subfield><subfield code="b">000041765849</subfield></datafield><datafield ind1=" " ind2=" " tag="042"><subfield code="a">pcc</subfield></datafield><datafield ind1=" " ind2=" " tag="043"><subfield code="a">n-us-mi</subfield></datafield><datafield ind1="0" ind2="4" tag="245"><subfield code="a">The torch &amp; East Jordan journal.</subfield></datafield><datafield ind1="3" ind2=" " tag="246"><subfield code="a">Torch and East Jordan journal</subfield></datafield><datafield ind1=" " ind2=" " tag="260"><subfield code="a">East Jordan, MI :</subfield><subfield code="b">Up North Pub.</subfield></datafield><datafield ind1=" " ind2=" " tag="300"><subfield code="a">v.</subfield></datafield><datafield ind1=" " ind2=" " tag="310"><subfield code="a">Weekly</subfield></datafield><datafield ind1="1" ind2=" " tag="362"><subfield code="a">Began in Oct. 1992.</subfield></datafield><datafield ind1="0" ind2=" " tag="362"><subfield code="a">-v. 2, no. 7 (Nov. 17, 19973).</subfield></datafield><datafield ind1=" " ind2=" " tag="588"><subfield code="a">Description based on: Vol. 1, no. 6 (Nov. 11, 1992).</subfield></datafield><datafield ind1=" " ind2="0" tag="651"><subfield code="a">East Jordan (Mich.)</subfield><subfield code="v">Newspapers.</subfield></datafield><datafield ind1=" " ind2="0" tag="651"><subfield code="a">Charlevoix County (Mich.)</subfield><subfield code="v">Newspapers.</subfield></datafield><datafield ind1=" " ind2="7" tag="655"><subfield code="a">Newspapers.</subfield><subfield code="2">fast</subfield><subfield code="0">(OCoLC)fst01423814</subfield></datafield><datafield ind1=" " ind2="7" tag="651"><subfield code="a">Michigan</subfield><subfield code="z">Charlevoix County.</subfield><subfield code="2">fast</subfield><subfield code="0">(OCoLC)fst01211332</subfield></datafield><datafield ind1=" " ind2="7" tag="651"><subfield code="a">Michigan</subfield><subfield code="z">East Jordan.</subfield><subfield code="2">fast</subfield><subfield code="0">(OCoLC)fst01219681</subfield></datafield><datafield ind1=" " ind2=" " tag="752"><subfield code="a">United States</subfield><subfield code="b">Michigan</subfield><subfield code="c">Charlevoix</subfield><subfield code="d">East Jordan.</subfield></datafield><datafield ind1="0" ind2="0" tag="785"><subfield code="t">East Jordan journal</subfield><subfield code="w">(DLC)sn2007060022</subfield><subfield code="w">(OCoLC)145470212</subfield></datafield></record>